<?xml version="1.0" encoding="UTF-8"?>
<record xmlns="http://www.loc.gov/MARC21/slim">
  <leader>01363nam a2200277Ia 4500</leader>
  <controlfield tag="001">3638012</controlfield>
  <controlfield tag="005">20110216162900.0</controlfield>
  <controlfield tag="008">070823s1838    enk           000 0 eng d</controlfield>
  <datafield tag="035" ind1=" " ind2=" ">
    <subfield code="a">(OCoLC)166279465</subfield>
  </datafield>
  <datafield tag="035" ind1=" " ind2=" ">
    <subfield code="a">ocn166279465</subfield>
  </datafield>
  <datafield tag="040" ind1=" " ind2=" ">
    <subfield code="a">EQO</subfield>
    <subfield code="c">EQO</subfield>
    <subfield code="d">OCLCG</subfield>
    <subfield code="d">BAT</subfield>
  </datafield>
  <datafield tag="049" ind1=" " ind2=" ">
    <subfield code="a">BRLL</subfield>
  </datafield>
  <datafield tag="099" ind1=" " ind2=" ">
    <subfield code="a">5575.52 no.1-3</subfield>
  </datafield>
  <datafield tag="100" ind1="1" ind2=" ">
    <subfield code="a">Beard, J. R.</subfield>
    <subfield code="q">(John Relly),</subfield>
    <subfield code="d">1800-1876.</subfield>
  </datafield>
  <datafield tag="245" ind1="1" ind2="0">
    <subfield code="a">Extinction of slavery :</subfield>
    <subfield code="b">a discourse in commemoration of the extinction of slavery in the British colonies, on the 1st of August, 1838 /</subfield>
    <subfield code="c">by John R. Beard.</subfield>
  </datafield>
  <datafield tag="246" ind1="1" ind2="0">
    <subfield code="a">Slavery in the West Indies;</subfield>
    <subfield code="i">no.1</subfield>
  </datafield>
  <datafield tag="260" ind1=" " ind2=" ">
    <subfield code="a">London :</subfield>
    <subfield code="b">Smallfield and son ;</subfield>
    <subfield code="a">Manchester :</subfield>
    <subfield code="b">Forrest and Fogg,</subfield>
    <subfield code="c">1838.</subfield>
  </datafield>
  <datafield tag="300" ind1=" " ind2=" ">
    <subfield code="a">18, [4] p. ;</subfield>
    <subfield code="c">18 cm.</subfield>
  </datafield>
  <datafield tag="500" ind1=" " ind2=" ">
    <subfield code="a">List of author publications on p. [3-4] in back.</subfield>
  </datafield>
  <datafield tag="590" ind1=" " ind2=" ">
    <subfield code="a">Boston Public Library (Rare Books Department) copy contains gift inscription from author to &quot;Rev. Dr. Channing&quot;.</subfield>
  </datafield>
  <datafield tag="590" ind1=" " ind2=" ">
    <subfield code="a">Bound volume contains: 1. Extinction of slavery .../ by John R. Beard. -- 2. Extinction of slavery... / by R. R. Madden. -- 3. The utter extinction of slavery, an object of scripture prophecy / by Joseph Ivimey.</subfield>
  </datafield>
  <datafield tag="650" ind1=" " ind2="0">
    <subfield code="a">Slavery</subfield>
    <subfield code="x">Colonies</subfield>
    <subfield code="z">Great Britain.</subfield>
  </datafield>
  <datafield tag="650" ind1=" " ind2="0">
    <subfield code="a">Slaves</subfield>
    <subfield code="x">Emancipation</subfield>
    <subfield code="x">Colonies</subfield>
    <subfield code="z">Great Britain.</subfield>
  </datafield>
  <datafield tag="650" ind1=" " ind2="0">
    <subfield code="a">Antislavery movements</subfield>
    <subfield code="z">Great Britain.</subfield>
  </datafield>
  <datafield tag="700" ind1="1" ind2=" ">
    <subfield code="a">Channing, William Ellery,</subfield>
    <subfield code="d">1817-1901,</subfield>
    <subfield code="e">former owner.</subfield>
  </datafield>
  <datafield tag="994" ind1=" " ind2=" ">
    <subfield code="a">C0</subfield>
    <subfield code="b">BRL</subfield>
  </datafield>
</record>
